@techreport{UTILIB,
  author="Hart, William E.",
  title="{UTILIB} 3.0 User Manual",
  institution="Sandia National Laboratories",
  year=2006,
  note="(to appear)"
}

@article{RLS04,
 author = {T. K. Ralphs and L. L\'{a}danyi and M. J. Saltzman},
 title = {A Library Hierarchy for Implementing 
          Scalable Parallel Search Algorithms},
 journal = {J. Supercomput.},
 volume = {28},
 number = {2},
 year = {2004},
 issn = {0920-8542},
 pages = {215--234},
 doi = {http://dx.doi.org/10.1023/B:SUPE.0000020179.55383.ad},
 publisher = {Kluwer Academic Publishers},
 address = {Hingham, MA, USA},
 }

@inproceedings{SHH95,
 author = {Y. Shinano and M. Higaki and R. Hirabayashi},
 title = {A generalized utility for parallel branch and bound algorithms},
 booktitle = {SPDP '95: Proceedings of the 7th IEEE 
              Symposium on Parallel and Distributeed Processing},
 year = {1995},
 isbn = {0-8186-7195-5},
 pages = {392},
 publisher = {IEEE Computer Society},
 address = {Washington, DC, USA},
 }

@inproceedings{SHH97,
    author = "Y. Shinano and K. Harada and R. Hirabayashi",
    title = "Control Schemes in a Generalized Utility 
             for Parallel Branch-and-Bound Algorithms",
    booktitle = "{IPPS}: 11th International Parallel Processing Symposium",
    publisher = "IEEE Computer Society Press",
    year = "1997",
    note = "\texttt{http://citeseer.ist.psu.edu/\linebreak[0]shinano97control.html}" }

@misc{bob95,
  author = "Le Cun, B. and C. Roucairol",
  title = "{BOB:} A unified platform for implementing 
           branch-and-bound like algorithms",
  year = "1995",
  note = "\texttt{http://citeseer.ist.psu.edu/cun95bob.html}" }

@misc{PPBB96,
  author = "S. Tsch{\"o}ke and T. Polzer",
  title = "Portable Parallel Branch-and-Bound Library {PPBB-Lib} User Manual",
  year = "1996",
  note = "\texttt{http://citeseer.ist.psu.edu/tsch96portable.html}" }

@incollection {EPH00,
    AUTHOR = {Eckstein, Jonathan and Phillips, Cynthia A. and Hart, William
              E.},
     TITLE = {P{ICO}: an object-oriented framework for parallel branch and
              bound},
 BOOKTITLE = {Inherently parallel algorithms in feasibility and optimization
              and their applications (Haifa, 2000)},
    SERIES = {Stud. Comput. Math.},
    VOLUME = {8},
     PAGES = {219--265},
 PUBLISHER = {North-Holland},
   ADDRESS = {Amsterdam},
      YEAR = {2001},
   MRCLASS = {90C57},
  MRNUMBER = {MR1853224},
}

@TechReport{EPH00a,
    AUTHOR = {Eckstein, Jonathan and Phillips, Cynthia A. and Hart, William
              E.},
     TITLE = {P{ICO}: an object-oriented framework for parallel branch and
              bound},
  institution =  {Rutgers University},
  year = 	 {2000},
  type = 	 {RUTCOR Research Report},
  number = 	 {RRR 40-2000},
}

@inproceedings{EHP97,
    author = "Jonathan Eckstein and William E. Hart and Cynthia A. Phillips",
    title = "Resource Management in a Parallel 
             Mixed Integer Programming Package",
    booktitle = "Proceedings of Intel Supercomputer Users Group",
    year = "1997"}

@article {Eck94,
    AUTHOR = {Eckstein, Jonathan},
     TITLE = {Parallel branch-and-bound algorithms for general mixed integer
              programming on the {CM}-{$5$}},
   JOURNAL = {SIAM J. Optim.},
  FJOURNAL = {SIAM Journal on Optimization},
    VOLUME = {4},
      YEAR = {1994},
    NUMBER = {4},
     PAGES = {794--814},
      ISSN = {1052-6234},
     CODEN = {SJOPE8},
   MRCLASS = {90C11 (65Y05)},
  MRNUMBER = {MR1300852 (95h:90082)},
MRREVIEWER = {Ferenc Forg{\'o}},
}

@article {Eck97,
    AUTHOR = {Eckstein, Jonathan},
     TITLE = {Distributed versus centralized storage and control for
              parallel branch and bound: mixed integer programming on the
              {CM}-{$5$}},
   JOURNAL = {Comput. Optim. Appl.},
  FJOURNAL = {Computational Optimization and Applications. An International
              Journal},
    VOLUME = {7},
      YEAR = {1997},
    NUMBER = {2},
     PAGES = {199--220},
      ISSN = {0926-6003},
     CODEN = {CPPPEF},
   MRCLASS = {90C11 (90B35)},
  MRNUMBER = {MR1432523 (98c:90080)},
MRREVIEWER = {J{\"u}rgen K{\"o}hler},
}


@article{JT98,
    AUTHOR = {J{\"u}nger, Michael and Thienel, Stefan},
     TITLE = {Introduction to {ABACUS} --- a branch-and-cut system},
   JOURNAL = {Oper. Res. Lett.},
  FJOURNAL = {Operations Research Letters},
    VOLUME = {22},
      YEAR = {1998},
    NUMBER = {2-3},
     PAGES = {83--95},
      ISSN = {0167-6377},
     CODEN = {ORLED5},
   MRCLASS = {90C11 (90-04)},
  MRNUMBER = {MR1653369},
}

@Book{SOHWD96,
  author = 	 {M. Snir and  S. W. Otto and  
                  S. Huss-Lederman and  D. W. Walker and J. Dongarra},
  title = 	 {{MPI:} The Complete Reference},
  publisher = 	 {MIT Press},
  year = 	 {1996},
}

@article {CP99,
    AUTHOR = {Clausen, Jens and Perregaard, Michael},
     TITLE = {On the best search strategy in parallel branch-and-bound:
              best-first search versus lazy depth-first search},
   JOURNAL = {Ann. Oper. Res.},
  FJOURNAL = {Annals of Operations Research},
    VOLUME = {90},
      YEAR = {1999},
     PAGES = {1--17},
      ISSN = {0254-5330},
   MRCLASS = {90C27 (65Y05)},
  MRNUMBER = {MR1708025},
}

@article {RRM93,
    AUTHOR = {Rayward-Smith, V. J. and Rush, S. A. and McKeown, G. P.},
     TITLE = {Efficiency considerations in the implementation of parallel
              branch-and-bound},
      SuppressNOTE = {Applied mathematical programming and modelling (Uxbridge,
              1991)},
   JOURNAL = {Ann. Oper. Res.},
  FJOURNAL = {Annals of Operations Research},
    VOLUME = {43},
      YEAR = {1993},
    NUMBER = {1-4},
     PAGES = {123--145},
      ISSN = {0254-5330},
   MRCLASS = {90C27},
  MRNUMBER = {MR1243927},
}

@Article{MD93,
  author = 	 {A. Mahanti and C. J. Daniel},
  title = 	 {A {SIMD} approach to parallel heuristic search},
  journal = 	 {Artif. Intel.},
  fulljournal =  {Artificial Intelligence},
  year = 	 {1993},
  volume = 	 {60},
  OPTnumber = 	 {},
  pages = 	 {243--282},
}

@inproceedings{KK92,
 author = {G. Karypis and V. Kumar},
 title = {Unstructured tree search on SIMD parallel computers: a summary of results},
 booktitle = {Supercomputing '92: Proceedings of the 1992 ACM/IEEE conference on Supercomputing},
 year = {1992},
 isbn = {0-8186-2630-5},
 pages = {453--462},
 location = {Minneapolis, Minnesota, United States},
 publisher = {IEEE Computer Society Press},
 address = {Los Alamitos, CA, USA},
 }

@Book{Hil85,
  author = 	 {W. D. Hillis},
  title = 	 {The Connection Machine},
  publisher = 	 {MIT Press},
  year = 	 {1985},
}

@Article{Mat87,
  author = 	 {F. Mattern},
  title = 	 {Algorithms for distributed termination detection},
  journal = 	 {Distrib. Comput.},
  fulljournal =  {Distributed Computing},
  year = 	 {1987},
  volume = 	 {2},
  pages = 	 {161--175},
}


