@book{CorLeiRiv96,
  title="Introduction to Algorithms",
  author="Cormen, T. H. and Leiserson, C. E. and Rivest, R. L.",
  publisher="The MIT Press",
  year=1996
}

@book{EvaHasPea93,
  author={Evans, Merran and Hastings, Nicholas and Peacock, Brian},
  title={Statistical Distributions, Second Ed.},
  year=1993,
  publisher={John Wiley and Sons, Inc.},
  address={New York}
}

@book{Knu,
  title="The Art of Computer Programming.  Volume 2, Seminumerical Algorithms",
  edition="2nd",
  author="Knuth, D. E."
}

@book{LewDen91,
  title="Data Structures and Their Algorithms",
  author="Lewis and Denenberg",
  publisher="Harper Collins",
  year=1991,
  pages="243-251"
}

@article{ParMil88,
  title="Random Number Generators: Good Ones are Hard to Find" ,
  author="Park, Steven K. and Miller, Keith W.",
  journal="Communications of the ACM",
  month="October",
  year=1988
}

@article{SleTar85,
  title="Self-adjusting Binary Search Trees",
  author="Sleator and Tarjan",
  journal="JACM",
  volume=32,
  number=3,
  month="July",
  year=1985,
  pages="652-686"
}

@book{Wei92,
  title="Data Structure and Algorithm Analysis",
  author="Weiss, Mark and Cummins, Benjamin",
  year=1992,
  pages="119-130"
}

@book{Woo93,
  title="Data Structures, Algorithms, and Performance",
  author="Wood, Derick",
  publisher="{Addison-Wesley}",
  year=1993,
  pages="367-375"
}
